<record><leader>00000cas a22000007a 4500</leader><controlfield tag="001">36729396</controlfield><controlfield tag="008">970412d190019uuinuwr ne      0    0eng d</controlfield><datafield ind1=" " ind2=" " tag="010"><subfield code="a">sn 97068708 </subfield></datafield><datafield ind1=" " ind2=" " tag="040"><subfield code="a">NPI</subfield><subfield code="b">eng</subfield><subfield code="c">NPI</subfield><subfield code="d">IUL</subfield><subfield code="d">OCLCF</subfield></datafield><datafield ind1=" " ind2=" " tag="042"><subfield code="a">msc</subfield></datafield><datafield ind1=" " ind2=" " tag="043"><subfield code="a">n-us-in</subfield></datafield><datafield ind1="0" ind2=" " tag="130"><subfield code="a">Weekly news-review (Crawfordsville, Ind.)</subfield></datafield><datafield ind1="0" ind2="4" tag="245"><subfield code="a">The weekly news-review.</subfield></datafield><datafield ind1="3" ind2=" " tag="246"><subfield code="a">Weekly news review</subfield></datafield><datafield ind1=" " ind2=" " tag="260"><subfield code="a">Crawfordsville, Ind. :</subfield><subfield code="b">S.M. Coffman,</subfield><subfield code="c">1900-</subfield></datafield><datafield ind1=" " ind2=" " tag="300"><subfield code="a">v.</subfield></datafield><datafield ind1=" " ind2=" " tag="310"><subfield code="a">Weekly</subfield></datafield><datafield ind1="0" ind2=" " tag="362"><subfield code="a">8th year (Apr. 7, 1900)-</subfield></datafield><datafield ind1=" " ind2=" " tag="580"><subfield code="a">Also issued in a daily ed. called: Daily news-review (Crawfordsville, Ind.).</subfield></datafield><datafield ind1=" " ind2="0" tag="651"><subfield code="a">Crawfordsville (Ind.)</subfield><subfield code="v">Newspapers.</subfield></datafield><datafield ind1=" " ind2="0" tag="651"><subfield code="a">Montgomery County (Ind.)</subfield><subfield code="v">Newspapers.</subfield></datafield><datafield ind1=" " ind2="7" tag="651"><subfield code="a">Indiana</subfield><subfield code="z">Crawfordsville.</subfield><subfield code="2">fast</subfield><subfield code="0">(OCoLC)fst01227693</subfield></datafield><datafield ind1=" " ind2="7" tag="651"><subfield code="a">Indiana</subfield><subfield code="z">Montgomery County.</subfield><subfield code="2">fast</subfield><subfield code="0">(OCoLC)fst01208888</subfield></datafield><datafield ind1=" " ind2="7" tag="655"><subfield code="a">Newspapers.</subfield><subfield code="2">fast</subfield><subfield code="0">(OCoLC)fst01423814</subfield></datafield><datafield ind1=" " ind2=" " tag="752"><subfield code="a">United States</subfield><subfield code="b">Indiana</subfield><subfield code="c">Montgomery</subfield><subfield code="d">Crawfordsville.</subfield></datafield><datafield ind1="1" ind2=" " tag="775"><subfield code="t">Daily news-review (Crawfordsville, Ind.)</subfield><subfield code="w">(DLC)sn 87056691</subfield><subfield code="w">(OCoLC)16943373</subfield></datafield><datafield ind1="0" ind2="0" tag="780"><subfield code="t">Weekly argus news</subfield><subfield code="w">(DLC)sn 97068707</subfield><subfield code="w">(OCoLC)36729374</subfield></datafield></record>